@ARTICLE{9906925,
  author={Yilmaz, Tolga and Ulusoy, Özgür},
  journal={IEEE Transactions on Computational Social Systems}, 
  title={Misinformation Propagation in Online Social Networks: Game Theoretic and Reinforcement Learning Approaches}, 
  year={2023},
  volume={10},
  number={6},
  pages={3321-3332},
  keywords={Games;Fake news;Social networking (online);Costs;Reinforcement learning;Receivers;Mathematical models;Cooperative systems;Cooperative games;misinformation propagation;online social networks (OSNs);reinforcement learning (RL)},
  doi={10.1109/TCSS.2022.3208793}}
